0356 F46026621            0010211113011110093037200000211470   39       
0356 F46026621            002AGRO-CITRICA DE PICASSENT COOP             
0356 F46026621            003POLIGONO INDUSTRIAL, C/ 6 PARC             
0356 F46026621            00446220 PICASSENT                            
0656 F4602662100000000000201000000000300030821323319532761819  63       
0656 F46026621000000000002011                 SILLA SILLA, FELISA       
0656 F46026621000000000002012              C/ PINTOR SOROLLA, 7-A       
0656 F46026621000000000002013                                           
0656 F4602662100000000000201446220                      PICASSENT       
0656 F46026621000000000002016                                           
0856 F46026621               000000003000000000010000000011             
