0356 F46024196            0011602102802103188001310857465250   42       
0356 F46024196            002 A  L  Z  I  C  O  O  P,  COOP             
0356 F46024196            003PARTIDA MATERNA, S/N                       
0356 F46024196            00446600 ALZIRA                               
0656 F4602419600000000000301000000005197431880012207967051511  15       
0656 F46024196000000000003011              IÑIGO GREGORI, ENRIQUE       
0656 F46024196000000000003012                  Calle TORRECHO, 39       
0656 F46024196000000000003013                                           
0656 F4602419600000000000301446600                         ALZIRA       
0656 F46024196000000000003016                                           
0656 F4602419600000000000601000000004072931880012134539521211  10       
0656 F46024196000000000006011         SANCHO ALONSO, JOSE VICENTE       
0656 F46024196000000000006012             Calle BENIMUSLEM, 5-3-7       
0656 F46024196000000000006013                                           
0656 F4602419600000000000601446600                         ALZIRA       
0656 F46024196000000000006016                                           
0656 F4602419600000000000601000000004728131880012134539521211  10       
0656 F46024196000000000006011         SANCHO ALONSO, JOSE VICENTE       
0656 F46024196000000000006012             Calle BENIMUSLEM, 5-3-7       
0656 F46024196000000000006013                                           
0656 F4602419600000000000601446600                         ALZIRA       
0656 F46024196000000000006016                                           
0656 F4602419600000000000701000000004724931880011212347581211  50       
0656 F46024196000000000007011             VIDAL RODRIGUEZ, ARTURO       
0656 F46024196000000000007012            Calle FERROVIARIS, 1-3-8       
0656 F46024196000000000007013                                           
0656 F4602419600000000000701446740                     CARCAIXENT       
0656 F46024196000000000007016                                           
0656 F4602419600000000000701000000002631431880011212347581211  50       
0656 F46024196000000000007011             VIDAL RODRIGUEZ, ARTURO       
0656 F46024196000000000007012            Calle FERROVIARIS, 1-3-8       
0656 F46024196000000000007013                                           
0656 F4602419600000000000701446740                     CARCAIXENT       
0656 F46024196000000000007016                                           
0656 F4602419600000000000901000000004303330821400316981481511  11       
0656 F46024196000000000009011      PALOMARES DOMINGUEZ, RICARDO R       
0656 F46024196000000000009012   Calle CRISTOBAL MONTERDE, 51-4-16       
0656 F46024196000000000009013                                           
0656 F4602419600000000000901446600                         ALZIRA       
0656 F46024196000000000009016                                           
0656 F4602419600000000000901000000002328630821400316981481511  11       
0656 F46024196000000000009011      PALOMARES DOMINGUEZ, RICARDO R       
0656 F46024196000000000009012   Calle CRISTOBAL MONTERDE, 51-4-16       
0656 F46024196000000000009013                                           
0656 F4602419600000000000901446600                         ALZIRA       
0656 F46024196000000000009016                                           
0656 F4602419600000000001101000000002646501820545020154817811  96       
0656 F46024196000000000011011             ORTEGA CARDONA, ANTONIO       
0656 F46024196000000000011012              PADRE POMPILLO, 21 1 4       
0656 F46024196000000000011013                                           
0656 F4602419600000000001101446600                         ALZIRA       
0656 F46024196000000000011016                                           
0656 F4602419600000000002001000000001884331880013134524211711  44       
0656 F46024196000000000020011               PALACIOS BLASCO, JOSE       
0656 F46024196000000000020012           Calle AUSIAS MARCH, 6-4-7       
0656 F46024196000000000020013                                           
0656 F4602419600000000002001446600                         ALZIRA       
0656 F46024196000000000020016                                           
0656 F4602419600000000002001000000000113031880013134524211711  44       
0656 F46024196000000000020011               PALACIOS BLASCO, JOSE       
0656 F46024196000000000020012           Calle AUSIAS MARCH, 6-4-7       
0656 F46024196000000000020013                                           
0656 F4602419600000000002001446600                         ALZIRA       
0656 F46024196000000000020016                                           
0656 F4602419600000000002101000000004480131880013134565501111  41       
0656 F46024196000000000021011      FERRI SANCHO, EMILIO FRANCISCO       
0656 F46024196000000000021012               Calle GANDIA, 13-5-19       
0656 F46024196000000000021013                                           
0656 F4602419600000000002101446600                         ALZIRA       
0656 F46024196000000000021016                                           
0656 F4602419600000000002101000000002866031880013134565501111  41       
0656 F46024196000000000021011      FERRI SANCHO, EMILIO FRANCISCO       
0656 F46024196000000000021012               Calle GANDIA, 13-5-19       
0656 F46024196000000000021013                                           
0656 F4602419600000000002101446600                         ALZIRA       
0656 F46024196000000000021016                                           
0656 F4602419600000000002201000000005319530820186071001597911  49       
0656 F46024196000000000022011               MARTINEZ OLIVER, JOSE       
0656 F46024196000000000022012       Calle VICENTE PEREZ PELUFO, 3       
0656 F46024196000000000022013                                           
0656 F4602419600000000002201446600                         ALZIRA       
0656 F46024196000000000022016                                           
0656 F4602419600000000002201000000000657630820186071001597911  49       
0656 F46024196000000000022011               MARTINEZ OLIVER, JOSE       
0656 F46024196000000000022012       Calle VICENTE PEREZ PELUFO, 3       
0656 F46024196000000000022013                                           
0656 F4602419600000000002201446600                         ALZIRA       
0656 F46024196000000000022016                                           
0656 F4602419600000000002301000000004488830820186071001728111  48       
0656 F46024196000000000023011            ROIG RIPOLL, JUAN CARLOS       
0656 F46024196000000000023012             Plaza GERMANIES, 16-3-5       
0656 F46024196000000000023013                                           
0656 F4602419600000000002301446600                         ALZIRA       
0656 F46024196000000000023016                                           
0656 F4602419600000000002401000000004480131880013134546711011  44       
0656 F46024196000000000024011           MARTINEZ LAIRON, FERNANDO       
0656 F46024196000000000024012                    Calle BALMES, 13       
0656 F46024196000000000024013                                           
0656 F4602419600000000002401446600                         ALZIRA       
0656 F46024196000000000024016                                           
0656 F4602419600000000002401000000004501531880013134546711011  44       
0656 F46024196000000000024011           MARTINEZ LAIRON, FERNANDO       
0656 F46024196000000000024012                    Calle BALMES, 13       
0656 F46024196000000000024013                                           
0656 F4602419600000000002401446600                         ALZIRA       
0656 F46024196000000000024016                                           
0656 F4602419600000000002601000000003175820771007110024186311  10       
0656 F46024196000000000026011                CAMPOS NACHER, ADRIA       
0656 F46024196000000000026012                 LLUIS VIVES, 10 4 8       
0656 F46024196000000000026013                                           
0656 F4602419600000000002601446680                       ALGEMESI       
0656 F46024196000000000026016                                           
0656 F4602419600000000002601000000001080520771007110024186311  10       
0656 F46024196000000000026011                CAMPOS NACHER, ADRIA       
0656 F46024196000000000026012                 LLUIS VIVES, 10 4 8       
0656 F46024196000000000026013                                           
0656 F4602419600000000002601446680                       ALGEMESI       
0656 F46024196000000000026016                                           
0656 F4602419600000000003001000000005353631880013134544771611  41       
0656 F46024196000000000030011            VIDAL VIDAL, JUAN CARLOS       
0656 F46024196000000000030012        Calle PADRE POMPILIO, 19-2-8       
0656 F46024196000000000030013                                           
0656 F4602419600000000003001446600                         ALZIRA       
0656 F46024196000000000030016                                           
0656 F4602419600000000003401000000005090730820186071001080611  41       
0656 F46024196000000000034011          PERIS BELLVER, SALVADOR B.       
0656 F46024196000000000034012                  Calle UNION, 6-3-8       
0656 F46024196000000000034013                                           
0656 F4602419600000000003401446600                         ALZIRA       
0656 F46024196000000000034016                                           
0656 F4602419600000000003401000000001184830820186071001080611  41       
0656 F46024196000000000034011          PERIS BELLVER, SALVADOR B.       
0656 F46024196000000000034012                  Calle UNION, 6-3-8       
0656 F46024196000000000034013                                           
0656 F4602419600000000003401446600                         ALZIRA       
0656 F46024196000000000034016                                           
0656 F4602419600000000003501000000001050020770103110451015311  50       
0656 F46024196000000000035011            ESCUDERO FERNANDEZ, JUAN       
0656 F46024196000000000035012               Calle SANT BERNAT, 15       
0656 F46024196000000000035013                                           
0656 F4602419600000000003501446600                         ALZIRA       
0656 F46024196000000000035016                                           
0656 F4602419600000000004301000000004724931880013134556021111  45       
0656 F46024196000000000043011                    PUERTO PAU, RAUL       
0656 F46024196000000000043012               Calle SANT JOAN, 14-1       
0656 F46024196000000000043013                                           
0656 F4602419600000000004301446600                         ALZIRA       
0656 F46024196000000000043016                                           
0656 F4602419600000000004301000000000978131880013134556021111  45       
0656 F46024196000000000043011                    PUERTO PAU, RAUL       
0656 F46024196000000000043012               Calle SANT JOAN, 14-1       
0656 F46024196000000000043013                                           
0656 F4602419600000000004301446600                         ALZIRA       
0656 F46024196000000000043016                                           
0656 F4602419600000000004601000000001575020770262110068426911  87       
0656 F46024196000000000046011                   CAÑES VIDAL, IVAN       
0656 F46024196000000000046012                Calle CASTELL, 3-3-5       
0656 F46024196000000000046013                                           
0656 F4602419600000000004601446687           ALBALAT DE LA RIBERA       
0656 F46024196000000000046016                                           
0656 F4602419600000000004601000000000605520770262110068426911  87       
0656 F46024196000000000046011                   CAÑES VIDAL, IVAN       
0656 F46024196000000000046012                Calle CASTELL, 3-3-5       
0656 F46024196000000000046013                                           
0656 F4602419600000000004601446687           ALBALAT DE LA RIBERA       
0656 F46024196000000000046016                                           
0656 F4602419600000000005901000000002646530821405317058321911  46       
0656 F46024196000000000059011       GONZALEZ ALCARAZ, JUAN MANUEL       
0656 F46024196000000000059012                  Calle SIMAT, 1-3-5       
0656 F46024196000000000059013                                           
0656 F4602419600000000005901446600                         ALZIRA       
0656 F46024196000000000059016                                           
0656 F4602419600000000005901000000000963030821405317058321911  46       
0656 F46024196000000000059011       GONZALEZ ALCARAZ, JUAN MANUEL       
0656 F46024196000000000059012                  Calle SIMAT, 1-3-5       
0656 F46024196000000000059013                                           
0656 F4602419600000000005901446600                         ALZIRA       
0656 F46024196000000000059016                                           
0656 F4602419600000000008101000000004724931880013203342491811  43       
0656 F46024196000000000081011                   SAYOL PERIS, JUAN       
0656 F46024196000000000081012                 Calle FELIPE II, 60       
0656 F46024196000000000081013                                           
0656 F4602419600000000008101446600                         ALZIRA       
0656 F46024196000000000081016                                           
0656 F4602419600000000008101000000002142431880013203342491811  43       
0656 F46024196000000000081011                   SAYOL PERIS, JUAN       
0656 F46024196000000000081012                 Calle FELIPE II, 60       
0656 F46024196000000000081013                                           
0656 F4602419600000000008101446600                         ALZIRA       
0656 F46024196000000000081016                                           
0656 F4602419600000000008801000000003175830821405317060261311  41       
0656 F46024196000000000088011                 ROS ALMIÑANA, JESUS       
0656 F46024196000000000088012           Calle CAMILO DOLZ, 99 2 5       
0656 F46024196000000000088013                                           
0656 F4602419600000000008801446600                         ALZIRA       
0656 F46024196000000000088016                                           
0656 F4602419600000000008801000000001033430821405317060261311  41       
0656 F46024196000000000088011                 ROS ALMIÑANA, JESUS       
0656 F46024196000000000088012           Calle CAMILO DOLZ, 99 2 5       
0656 F46024196000000000088013                                           
0656 F4602419600000000008801446600                         ALZIRA       
0656 F46024196000000000088016                                           
0656 F4602419600000000009001000000004199931880045206250991011  56       
0656 F46024196000000000090011                  POP  --, ALEXANDRU       
0656 F46024196000000000090012           Calle PERE MORELL, 18-3-5       
0656 F46024196000000000090013                                           
0656 F4602419600000000009001446600                         ALZIRA       
0656 F46024196000000000090016                                           
0656 F4602419600000000009001000000001746431880045206250991011  56       
0656 F46024196000000000090011                  POP  --, ALEXANDRU       
0656 F46024196000000000090012           Calle PERE MORELL, 18-3-5       
0656 F46024196000000000090013                                           
0656 F4602419600000000009001446600                         ALZIRA       
0656 F46024196000000000090016                                           
0656 F4602419600000000010201000000002646531170001158154921711  98       
0656 F46024196000000000102011           TORRES MARI, JUAN ANTONIO       
0656 F46024196000000000102012                        CORRALOT, 42       
0656 F46024196000000000102013                                           
0656 F4602419600000000010201446687           ALBALAT DE LA RIBERA       
0656 F46024196000000000102016                                           
0656 F4602419600000000010301000000001050001820545020155432011  94       
0656 F46024196000000000103011              BOLUDA SARRION, JAVIER       
0656 F46024196000000000103012                  REIS CATOLICS, 9 2       
0656 F46024196000000000103013                                           
0656 F4602419600000000010301446600                         ALZIRA       
0656 F46024196000000000103016                                           
0656 F4602419600000000010301000000000093101820545020155432011  94       
0656 F46024196000000000103011              BOLUDA SARRION, JAVIER       
0656 F46024196000000000103012                  REIS CATOLICS, 9 2       
0656 F46024196000000000103013                                           
0656 F4602419600000000010301446600                         ALZIRA       
0656 F46024196000000000103016                                           
0656 F4602419600000000010601000000001050000494605239557507411  26       
0656 F46024196000000000106011         GARCIA PEREPEREZ, FRANCISCO       
0656 F46024196000000000106012                          LA PAU, 38       
0656 F46024196000000000106013                                           
0656 F4602419600000000010601446600                         ALZIRA       
0656 F46024196000000000106016                                           
0656 F4602419600000000010601000000001234200494605239557507411  26       
0656 F46024196000000000106011         GARCIA PEREPEREZ, FRANCISCO       
0656 F46024196000000000106012                          LA PAU, 38       
0656 F46024196000000000106013                                           
0656 F4602419600000000010601446600                         ALZIRA       
0656 F46024196000000000106016                                           
0656 F4602419600000000100301000000006614931880013134548331511  49       
0656 F46024196000000001003011         BONO GIMENO, MARIA BERNARDA       
0656 F46024196000000001003012                Calle LEPANTO, 7-3-8       
0656 F46024196000000001003013                                           
0656 F4602419600000000100301446600                         ALZIRA       
0656 F46024196000000001003016                                           
0656 F4602419600000000100301000000000244231880013134548331511  49       
0656 F46024196000000001003011         BONO GIMENO, MARIA BERNARDA       
0656 F46024196000000001003012                Calle LEPANTO, 7-3-8       
0656 F46024196000000001003013                                           
0656 F4602419600000000100301446600                         ALZIRA       
0656 F46024196000000001003016                                           
0656 F4602419600000000101001000000005984631880013134559011911  40       
0656 F46024196000000001010011 PALOMARES SAMPEDRO, MILAGROS JOSEFA       
0656 F46024196000000001010012       Calle SALVADOR SANTAMARIA, 10       
0656 F46024196000000001010013                                           
0656 F4602419600000000101001446600                         ALZIRA       
0656 F46024196000000001010016                                           
0656 F4602419600000000101001000000001685631880013134559011911  40       
0656 F46024196000000001010011 PALOMARES SAMPEDRO, MILAGROS JOSEFA       
0656 F46024196000000001010012       Calle SALVADOR SANTAMARIA, 10       
0656 F46024196000000001010013                                           
0656 F4602419600000000101001446600                         ALZIRA       
0656 F46024196000000001010016                                           
0656 F4602419600000000101101000000005809831880013134529741811  43       
0656 F46024196000000001011011            TIMOR MARTINEZ, CONSUELO       
0656 F46024196000000001011012   Calle JOSEP MARIA LLOPICO, 48-1-3       
0656 F46024196000000001011013                                           
0656 F4602419600000000101101446600                         ALZIRA       
0656 F46024196000000001011016                                           
0656 F4602419600000000101101000000001668731880013134529741811  43       
0656 F46024196000000001011011            TIMOR MARTINEZ, CONSUELO       
0656 F46024196000000001011012   Calle JOSEP MARIA LLOPICO, 48-1-3       
0656 F46024196000000001011013                                           
0656 F4602419600000000101101446600                         ALZIRA       
0656 F46024196000000001011016                                           
0656 F4602419600000000101201000000005669931170001201285961311  98       
0656 F46024196000000001012011            BOLUDA GIMENEZ, BERNARDA       
0656 F46024196000000001012012               Calle TORNEJANTS. 6-1       
0656 F46024196000000001012013                                           
0656 F4602419600000000101201446680                       ALGEMESI       
0656 F46024196000000001012016                                           
0656 F4602419600000000101201000000001270431170001201285961311  98       
0656 F46024196000000001012011            BOLUDA GIMENEZ, BERNARDA       
0656 F46024196000000001012012               Calle TORNEJANTS. 6-1       
0656 F46024196000000001012013                                           
0656 F4602419600000000101201446680                       ALGEMESI       
0656 F46024196000000001012016                                           
0656 F4602419600000000101401000000005748931880013134537841611  41       
0656 F46024196000000001014011           BENEDITO CRESPO, CONSUELO       
0656 F46024196000000001014012         Calle PADRE CASTELLS, 8-4-8       
0656 F46024196000000001014013                                           
0656 F4602419600000000101401446600                         ALZIRA       
0656 F46024196000000001014016                                           
0656 F4602419600000000101401000000000244231880013134537841611  41       
0656 F46024196000000001014011           BENEDITO CRESPO, CONSUELO       
0656 F46024196000000001014012         Calle PADRE CASTELLS, 8-4-8       
0656 F46024196000000001014013                                           
0656 F4602419600000000101401446600                         ALZIRA       
0656 F46024196000000001014016                                           
0656 F4602419600000000101601000000005906631880013134548311711  40       
0656 F46024196000000001016011            GALAN PERELLO, Mª GRACIA       
0656 F46024196000000001016012            Calle DOCTOR FERRAN, 107       
0656 F46024196000000001016013                                           
0656 F4602419600000000101601446600                         ALZIRA       
0656 F46024196000000001016016                                           
0656 F4602419600000000101601000000000879531880013134548311711  40       
0656 F46024196000000001016011            GALAN PERELLO, Mª GRACIA       
0656 F46024196000000001016012            Calle DOCTOR FERRAN, 107       
0656 F46024196000000001016013                                           
0656 F4602419600000000101601446600                         ALZIRA       
0656 F46024196000000001016016                                           
0656 F4602419600000000101701000000005591131880013134529711111  40       
0656 F46024196000000001017011           GARRIGUES MORENO, ANTONIA       
0656 F46024196000000001017012                 Calle BEN AMIRA, 13       
0656 F46024196000000001017013                                           
0656 F4602419600000000101701446600                         ALZIRA       
0656 F46024196000000001017016                                           
0656 F4602419600000000101701000000000879531880013134529711111  40       
0656 F46024196000000001017011           GARRIGUES MORENO, ANTONIA       
0656 F46024196000000001017012                 Calle BEN AMIRA, 13       
0656 F46024196000000001017013                                           
0656 F4602419600000000101701446600                         ALZIRA       
0656 F46024196000000001017016                                           
0656 F4602419600000000102001000000005211731880013134535961411  48       
0656 F46024196000000001020011                BOLUDA GIMENEZ, ROSA       
0656 F46024196000000001020012                    Calle NARANJO, 6       
0656 F46024196000000001020013                                           
0656 F4602419600000000102001446600                         ALZIRA       
0656 F46024196000000001020016                                           
0656 F4602419600000000102001000000000793531880013134535961411  48       
0656 F46024196000000001020011                BOLUDA GIMENEZ, ROSA       
0656 F46024196000000001020012                    Calle NARANJO, 6       
0656 F46024196000000001020013                                           
0656 F4602419600000000102001446600                         ALZIRA       
0656 F46024196000000001020016                                           
0656 F4602419600000000102101000000005748931880013134524151511  48       
0656 F46024196000000001021011           GARCIA GRANADOS, FERNANDA       
0656 F46024196000000001021012             Calle LLUIS MELIANA, 32       
0656 F46024196000000001021013                                           
0656 F4602419600000000102101446669                          ENOVA       
0656 F46024196000000001021016                                           
0656 F4602419600000000102101000000001197031880013134524151511  48       
0656 F46024196000000001021011           GARCIA GRANADOS, FERNANDA       
0656 F46024196000000001021012             Calle LLUIS MELIANA, 32       
0656 F46024196000000001021013                                           
0656 F4602419600000000102101446669                          ENOVA       
0656 F46024196000000001021016                                           
0656 F4602419600000000102601000000005906631880013134530721711  49       
0656 F46024196000000001026011             GRAU NOGUES, CONCEPCION       
0656 F46024196000000001026012            Calle PONT DE XATIVA, 24       
0656 F46024196000000001026013                                           
0656 F4602419600000000102601446600                         ALZIRA       
0656 F46024196000000001026016                                           
0656 F4602419600000000102601000000000879531880013134530721711  49       
0656 F46024196000000001026011             GRAU NOGUES, CONCEPCION       
0656 F46024196000000001026012            Calle PONT DE XATIVA, 24       
0656 F46024196000000001026013                                           
0656 F4602419600000000102601446600                         ALZIRA       
0656 F46024196000000001026016                                           
0656 F4602419600000000103001000000005278831880013134524161411  47       
0656 F46024196000000001030011            GARCIA PEREZ, Mª ANGELES       
0656 F46024196000000001030012    Calle MANUEL SANCHIS GUARNER, 21       
0656 F46024196000000001030013                                           
0656 F4602419600000000103001446600                         ALZIRA       
0656 F46024196000000001030016                                           
0656 F4602419600000000103001000000001754231880013134524161411  47       
0656 F46024196000000001030011            GARCIA PEREZ, Mª ANGELES       
0656 F46024196000000001030012    Calle MANUEL SANCHIS GUARNER, 21       
0656 F46024196000000001030013                                           
0656 F4602419600000000103001446600                         ALZIRA       
0656 F46024196000000001030016                                           
0656 F4602419600000000103101000000005567731880013134529791311  49       
0656 F46024196000000001031011                 PARDO LLORCA, LAURA       
0656 F46024196000000001031012            Calle FELIPE II, 43-4-15       
0656 F46024196000000001031013                                           
0656 F4602419600000000103101446600                         ALZIRA       
0656 F46024196000000001031016                                           
0656 F4602419600000000103101000000001540431880013134529791311  49       
0656 F46024196000000001031011                 PARDO LLORCA, LAURA       
0656 F46024196000000001031012            Calle FELIPE II, 43-4-15       
0656 F46024196000000001031013                                           
0656 F4602419600000000103101446600                         ALZIRA       
0656 F46024196000000001031016                                           
0656 F4602419600000000103201000000005984631880013134540601911  44       
0656 F46024196000000001032011            COSTA GARCIA, CONCEPCION       
0656 F46024196000000001032012               Colonia CAPUCHINOS, 4       
0656 F46024196000000001032013                                           
0656 F4602419600000000103201446600                         ALZIRA       
0656 F46024196000000001032016                                           
0656 F4602419600000000103201000000001661231880013134540601911  44       
0656 F46024196000000001032011            COSTA GARCIA, CONCEPCION       
0656 F46024196000000001032012               Colonia CAPUCHINOS, 4       
0656 F46024196000000001032013                                           
0656 F4602419600000000103201446600                         ALZIRA       
0656 F46024196000000001032016                                           
0656 F4602419600000000103601000000005250431880013134534931811  44       
0656 F46024196000000001036011         CAPELLA GONZALEZ, Mª JOSEFA       
0656 F46024196000000001036012 Calle DOCTOR JOSEP GONZALEZ, 40-2-3       
0656 F46024196000000001036013                                           
0656 F4602419600000000103601446600                         ALZIRA       
0656 F46024196000000001036016                                           
0656 F4602419600000000103601000000000732831880013134534931811  44       
0656 F46024196000000001036011         CAPELLA GONZALEZ, Mª JOSEFA       
0656 F46024196000000001036012 Calle DOCTOR JOSEP GONZALEZ, 40-2-3       
0656 F46024196000000001036013                                           
0656 F4602419600000000103601446600                         ALZIRA       
0656 F46024196000000001036016                                           
0656 F4602419600000000103701000000005906631880013134530561711  41       
0656 F46024196000000001037011               LLINARES ROIG, ANGELA       
0656 F46024196000000001037012                     Calle GIRONA, 3       
0656 F46024196000000001037013                                           
0656 F4602419600000000103701446600                         ALZIRA       
0656 F46024196000000001037016                                           
0656 F4602419600000000103701000000001661231880013134530561711  41       
0656 F46024196000000001037011               LLINARES ROIG, ANGELA       
0656 F46024196000000001037012                     Calle GIRONA, 3       
0656 F46024196000000001037013                                           
0656 F4602419600000000103701446600                         ALZIRA       
0656 F46024196000000001037016                                           
0656 F4602419600000000103801000000005591130820186071000969711  41       
0656 F46024196000000001038011           ALISEDA RODRIGUEZ, JOSEFA       
0656 F46024196000000001038012               Calle LEPANTO, 61-2-4       
0656 F46024196000000001038013                                           
0656 F4602419600000000103801446600                         ALZIRA       
0656 F46024196000000001038016                                           
0656 F4602419600000000103801000000000830630820186071000969711  41       
0656 F46024196000000001038011           ALISEDA RODRIGUEZ, JOSEFA       
0656 F46024196000000001038012               Calle LEPANTO, 61-2-4       
0656 F46024196000000001038013                                           
0656 F4602419600000000103801446600                         ALZIRA       
0656 F46024196000000001038016                                           
0656 F4602419600000000104201000000004409931880013134551661911  42       
0656 F46024196000000001042011           HERNANDEZ BORULL, ANTONIA       
0656 F46024196000000001042012              Calle SANTA EMILIA, 37       
0656 F46024196000000001042013                                           
0656 F4602419600000000104201446600                         ALZIRA       
0656 F46024196000000001042016                                           
0656 F4602419600000000104201000000000635131880013134551661911  42       
0656 F46024196000000001042011           HERNANDEZ BORULL, ANTONIA       
0656 F46024196000000001042012              Calle SANTA EMILIA, 37       
0656 F46024196000000001042013                                           
0656 F4602419600000000104201446600                         ALZIRA       
0656 F46024196000000001042016                                           
0656 F4602419600000000104301000000002948220771008110045587811  61       
0656 F46024196000000001043011             ANDRES OLIVER, CRISTINA       
0656 F46024196000000001043012  Calle BISBE GILABERT MARTI, 28-2-3       
0656 F46024196000000001043013                                           
0656 F4602419600000000104301446600                         ALZIRA       
0656 F46024196000000001043016                                           
0656 F4602419600000000104701000000005197431880013134564321511  42       
0656 F46024196000000001047011             LOPEZ CACERES, FILOMENA       
0656 F46024196000000001047012           Calle PERE MORELL, 20-2-6       
0656 F46024196000000001047013                                           
0656 F4602419600000000104701446600                         ALZIRA       
0656 F46024196000000001047016                                           
0656 F4602419600000000104701000000001661231880013134564321511  42       
0656 F46024196000000001047011             LOPEZ CACERES, FILOMENA       
0656 F46024196000000001047012           Calle PERE MORELL, 20-2-6       
0656 F46024196000000001047013                                           
0656 F4602419600000000104701446600                         ALZIRA       
0656 F46024196000000001047016                                           
0656 F4602419600000000104801000000004980931880013134547081711  41       
0656 F46024196000000001048011                PARDO LLORCA, JOSEFA       
0656 F46024196000000001048012    Calle BANDERA VALENCIANA, 15-3-7       
0656 F46024196000000001048013                                           
0656 F4602419600000000104801446600                         ALZIRA       
0656 F46024196000000001048016                                           
0656 F4602419600000000104801000000000097731880013134547081711  41       
0656 F46024196000000001048011                PARDO LLORCA, JOSEFA       
0656 F46024196000000001048012    Calle BANDERA VALENCIANA, 15-3-7       
0656 F46024196000000001048013                                           
0656 F4602419600000000104801446600                         ALZIRA       
0656 F46024196000000001048016                                           
0656 F4602419600000000104901000000005197431880013134565401411  43       
0656 F46024196000000001049011        GARRIGUES HIDALGO, Mª TERESA       
0656 F46024196000000001049012                      Calle MURTA, 7       
0656 F46024196000000001049013                                           
0656 F4602419600000000104901446600                         ALZIRA       
0656 F46024196000000001049016                                           
0656 F4602419600000000104901000000000732831880013134565401411  43       
0656 F46024196000000001049011        GARRIGUES HIDALGO, Mª TERESA       
0656 F46024196000000001049012                      Calle MURTA, 7       
0656 F46024196000000001049013                                           
0656 F4602419600000000104901446600                         ALZIRA       
0656 F46024196000000001049016                                           
0656 F4602419600000000105001000000005197431880013134540451911  49       
0656 F46024196000000001050011           ALMELA ROSELLO, Mª AMPARO       
0656 F46024196000000001050012       Calle SALVADOR PERLES, 46-1-1       
0656 F46024196000000001050013                                           
0656 F4602419600000000105001446600                         ALZIRA       
0656 F46024196000000001050016                                           
0656 F4602419600000000105001000000001123731880013134540451911  49       
0656 F46024196000000001050011           ALMELA ROSELLO, Mª AMPARO       
0656 F46024196000000001050012       Calle SALVADOR PERLES, 46-1-1       
0656 F46024196000000001050013                                           
0656 F4602419600000000105001446600                         ALZIRA       
0656 F46024196000000001050016                                           
0656 F4602419600000000105101000000005197431880013134539321711  41       
0656 F46024196000000001051011             MONLEON CAÑES, MILAGROS       
0656 F46024196000000001051012                 Calle GANDIA, 6-1-5       
0656 F46024196000000001051013                                           
0656 F4602419600000000105101446600                         ALZIRA       
0656 F46024196000000001051016                                           
0656 F4602419600000000105101000000001074931880013134539321711  41       
0656 F46024196000000001051011             MONLEON CAÑES, MILAGROS       
0656 F46024196000000001051012                 Calle GANDIA, 6-1-5       
0656 F46024196000000001051013                                           
0656 F4602419600000000105101446600                         ALZIRA       
0656 F46024196000000001051016                                           
0656 F4602419600000000105201000000004619931880013134533791711  47       
0656 F46024196000000001052011            ESPAÑA LAPORTA, ROSA ANA       
0656 F46024196000000001052012         Calle ESCULTOR VERGARA, 8-3       
0656 F46024196000000001052013                                           
0656 F4602419600000000105201446600                         ALZIRA       
0656 F46024196000000001052016                                           
0656 F4602419600000000105201000000000903831880013134533791711  47       
0656 F46024196000000001052011            ESPAÑA LAPORTA, ROSA ANA       
0656 F46024196000000001052012         Calle ESCULTOR VERGARA, 8-3       
0656 F46024196000000001052013                                           
0656 F4602419600000000105201446600                         ALZIRA       
0656 F46024196000000001052016                                           
0656 F4602419600000000105501000000005023431880013134565441011  41       
0656 F46024196000000001055011          RENTERO PARREÑO, Mª CARMEN       
0656 F46024196000000001055012   Calle BENITO PEREZ GALDOS, 44-1-2       
0656 F46024196000000001055013                                           
0656 F4602419600000000105501446600                         ALZIRA       
0656 F46024196000000001055016                                           
0656 F4602419600000000105501000000001180631880013134565441011  41       
0656 F46024196000000001055011          RENTERO PARREÑO, Mª CARMEN       
0656 F46024196000000001055012   Calle BENITO PEREZ GALDOS, 44-1-2       
0656 F46024196000000001055013                                           
0656 F4602419600000000105501446600                         ALZIRA       
0656 F46024196000000001055016                                           
0656 F4602419600000000105601000000005197431880012204446481211  15       
0656 F46024196000000001056011               PAU OVIEDO, Mª CARMEN       
0656 F46024196000000001056012         Calle JESUS ALVAREZ, 67-4-7       
0656 F46024196000000001056013                                           
0656 F4602419600000000105601446600                         ALZIRA       
0656 F46024196000000001056016                                           
0656 F4602419600000000105601000000000684031880012204446481211  15       
0656 F46024196000000001056011               PAU OVIEDO, Mª CARMEN       
0656 F46024196000000001056012         Calle JESUS ALVAREZ, 67-4-7       
0656 F46024196000000001056013                                           
0656 F4602419600000000105601446600                         ALZIRA       
0656 F46024196000000001056016                                           
0656 F4602419600000000105701000000005023431880013134566241311  40       
0656 F46024196000000001057011             PLA MONTALVA, Mª CARMEN       
0656 F46024196000000001057012              Calle RAMON Y CAJAL, 4       
0656 F46024196000000001057013                                           
0656 F4602419600000000105701446600                         ALZIRA       
0656 F46024196000000001057016                                           
0656 F4602419600000000105701000000001180631880013134566241311  40       
0656 F46024196000000001057011             PLA MONTALVA, Mª CARMEN       
0656 F46024196000000001057012              Calle RAMON Y CAJAL, 4       
0656 F46024196000000001057013                                           
0656 F4602419600000000105701446600                         ALZIRA       
0656 F46024196000000001057016                                           
0656 F4602419600000000106001000000002800331880013134539961011  43       
0656 F46024196000000001060011      MOMPARLET SEPULVEDA, FUENSANTA       
0656 F46024196000000001060012             Calle ESPERANZA, 3-5-18       
0656 F46024196000000001060013                                           
0656 F4602419600000000106001446600                         ALZIRA       
0656 F46024196000000001060016                                           
0656 F4602419600000000106001000000000464231880013134539961011  43       
0656 F46024196000000001060011      MOMPARLET SEPULVEDA, FUENSANTA       
0656 F46024196000000001060012             Calle ESPERANZA, 3-5-18       
0656 F46024196000000001060013                                           
0656 F4602419600000000106001446600                         ALZIRA       
0656 F46024196000000001060016                                           
0656 F4602419600000000106201000000004724931880013134548811611  45       
0656 F46024196000000001062011             BELSA PRESENCIA, ISABEL       
0656 F46024196000000001062012             Calle SAN AGUSTIN, 11-4       
0656 F46024196000000001062013                                           
0656 F4602419600000000106201446600                         ALZIRA       
0656 F46024196000000001062016                                           
0656 F4602419600000000106201000000001734531880013134548811611  45       
0656 F46024196000000001062011             BELSA PRESENCIA, ISABEL       
0656 F46024196000000001062012             Calle SAN AGUSTIN, 11-4       
0656 F46024196000000001062013                                           
0656 F4602419600000000106201446600                         ALZIRA       
0656 F46024196000000001062016                                           
0656 F4602419600000000106801000000005197431880013134566101911  41       
0656 F46024196000000001068011         MARTINEZ GUMILLA, Mª CARMEN       
0656 F46024196000000001068012           Calle SAN AGUSTIN, 20-2-8       
0656 F46024196000000001068013                                           
0656 F4602419600000000106801446600                         ALZIRA       
0656 F46024196000000001068016                                           
0656 F4602419600000000106801000000001270431880013134566101911  41       
0656 F46024196000000001068011         MARTINEZ GUMILLA, Mª CARMEN       
0656 F46024196000000001068012           Calle SAN AGUSTIN, 20-2-8       
0656 F46024196000000001068013                                           
0656 F4602419600000000106801446600                         ALZIRA       
0656 F46024196000000001068016                                           
0656 F4602419600000000107501000000005197431880013134540481611  46       
0656 F46024196000000001075011             TORTOSA SAEZ, ASCENSION       
0656 F46024196000000001075012                Avenida PARC, 27-3-8       
0656 F46024196000000001075013                                           
0656 F4602419600000000107501446600                         ALZIRA       
0656 F46024196000000001075016                                           
0656 F4602419600000000107501000000001636831880013134540481611  46       
0656 F46024196000000001075011             TORTOSA SAEZ, ASCENSION       
0656 F46024196000000001075012                Avenida PARC, 27-3-8       
0656 F46024196000000001075013                                           
0656 F4602419600000000107501446600                         ALZIRA       
0656 F46024196000000001075016                                           
0656 F4602419600000000107701000000004724930820186071001754011  45       
0656 F46024196000000001077011      TELLO LLORENS, Mª DESAMPARADOS       
0656 F46024196000000001077012      Calle HORT DELS FRARES, 64-3-5       
0656 F46024196000000001077013                                           
0656 F4602419600000000107701446600                         ALZIRA       
0656 F46024196000000001077016                                           
0656 F4602419600000000107701000000001856730820186071001754011  45       
0656 F46024196000000001077011      TELLO LLORENS, Mª DESAMPARADOS       
0656 F46024196000000001077012      Calle HORT DELS FRARES, 64-3-5       
0656 F46024196000000001077013                                           
0656 F4602419600000000107701446600                         ALZIRA       
0656 F46024196000000001077016                                           
0656 F4602419600000000108001000000004960730821400316974291711  16       
0656 F46024196000000001080011       SANCHEZ TERUEL, MARIA REMEDIO       
0656 F46024196000000001080012             Calle GERMANIES, 15-3-5       
0656 F46024196000000001080013                                           
0656 F4602419600000000108001446600                         ALZIRA       
0656 F46024196000000001080016                                           
0656 F4602419600000000108001000000001710030821400316974291711  16       
0656 F46024196000000001080011       SANCHEZ TERUEL, MARIA REMEDIO       
0656 F46024196000000001080012             Calle GERMANIES, 15-3-5       
0656 F46024196000000001080013                                           
0656 F4602419600000000108001446600                         ALZIRA       
0656 F46024196000000001080016                                           
0656 F4602419600000000108101000000003920431880013134540151511  45       
0656 F46024196000000001081011         GREGORI GIMENEZ, ROSA MARIA       
0656 F46024196000000001081012            Calle MESTRE GINER, 66-3       
0656 F46024196000000001081013                                           
0656 F4602419600000000108101446740                     CARCAIXENT       
0656 F46024196000000001081016                                           
0656 F4602419600000000108101000000001929931880013134540151511  45       
0656 F46024196000000001081011         GREGORI GIMENEZ, ROSA MARIA       
0656 F46024196000000001081012            Calle MESTRE GINER, 66-3       
0656 F46024196000000001081013                                           
0656 F4602419600000000108101446740                     CARCAIXENT       
0656 F46024196000000001081016                                           
0656 F4602419600000000108301000000004199930820186071001840011  44       
0656 F46024196000000001083011              MORENO JUSTO, MILAGROS       
0656 F46024196000000001083012               Calle POLINYA, 4-4-14       
0656 F46024196000000001083013                                           
0656 F4602419600000000108301446600                         ALZIRA       
0656 F46024196000000001083016                                           
0656 F4602419600000000108301000000002003230820186071001840011  44       
0656 F46024196000000001083011              MORENO JUSTO, MILAGROS       
0656 F46024196000000001083012               Calle POLINYA, 4-4-14       
0656 F46024196000000001083013                                           
0656 F4602419600000000108301446600                         ALZIRA       
0656 F46024196000000001083016                                           
0656 F4602419600000000108401000000004199931880013134554361311  42       
0656 F46024196000000001084011               GOMIS RIPOLL, ANGELES       
0656 F46024196000000001084012       Calle MESTRE MOSCARDO, 51-3-6       
0656 F46024196000000001084013                                           
0656 F4602419600000000108401446600                         ALZIRA       
0656 F46024196000000001084016                                           
0656 F4602419600000000108401000000001074931880013134554361311  42       
0656 F46024196000000001084011               GOMIS RIPOLL, ANGELES       
0656 F46024196000000001084012       Calle MESTRE MOSCARDO, 51-3-6       
0656 F46024196000000001084013                                           
0656 F4602419600000000108401446600                         ALZIRA       
0656 F46024196000000001084016                                           
0656 F4602419600000000109601000000004199931880012204044941111  12       
0656 F46024196000000001096011              AHULLO GARES, JOSEFINA       
0656 F46024196000000001096012   Avenida JOANOT MARTORELL, 34-6-12       
0656 F46024196000000001096013                                           
0656 F4602419600000000109601446600                         ALZIRA       
0656 F46024196000000001096016                                           
0656 F4602419600000000109601000000001001631880012204044941111  12       
0656 F46024196000000001096011              AHULLO GARES, JOSEFINA       
0656 F46024196000000001096012   Avenida JOANOT MARTORELL, 34-6-12       
0656 F46024196000000001096013                                           
0656 F4602419600000000109601446600                         ALZIRA       
0656 F46024196000000001096016                                           
0656 F4602419600000000110401000000003674931880013134546011511  44       
0656 F46024196000000001104011                MORENO SORIA, JOSEFA       
0656 F46024196000000001104012                  Calle UNIO, 44-3-6       
0656 F46024196000000001104013                                           
0656 F4602419600000000110401446600                         ALZIRA       
0656 F46024196000000001104016                                           
0656 F4602419600000000110401000000000146531880013134546011511  44       
0656 F46024196000000001104011                MORENO SORIA, JOSEFA       
0656 F46024196000000001104012                  Calle UNIO, 44-3-6       
0656 F46024196000000001104013                                           
0656 F4602419600000000110401446600                         ALZIRA       
0656 F46024196000000001104016                                           
0656 F4602419600000000110501000000004199930820186071002933411  43       
0656 F46024196000000001105011          SANCHEZ VELA, Mª ASCENSIÓN       
0656 F46024196000000001105012                    Calle CARLET, 17       
0656 F46024196000000001105013                                           
0656 F4602419600000000110501446600                         ALZIRA       
0656 F46024196000000001105016                                           
0656 F4602419600000000110501000000001539130820186071002933411  43       
0656 F46024196000000001105011          SANCHEZ VELA, Mª ASCENSIÓN       
0656 F46024196000000001105012                    Calle CARLET, 17       
0656 F46024196000000001105013                                           
0656 F4602419600000000110501446600                         ALZIRA       
0656 F46024196000000001105016                                           
0656 F4602419600000000110601000000003674931880013134537951311  41       
0656 F46024196000000001106011           ELEUTERIO SANGIL, MANUELA       
0656 F46024196000000001106012                 Calle MASALAVES, 10       
0656 F46024196000000001106013                                           
0656 F4602419600000000110601446600                         ALZIRA       
0656 F46024196000000001106016                                           
0656 F4602419600000000110601000000000097731880013134537951311  41       
0656 F46024196000000001106011           ELEUTERIO SANGIL, MANUELA       
0656 F46024196000000001106012                 Calle MASALAVES, 10       
0656 F46024196000000001106013                                           
0656 F4602419600000000110601446600                         ALZIRA       
0656 F46024196000000001106016                                           
0656 F4602419600000000110801000000004199931880013134545871311  40       
0656 F46024196000000001108011               GRANERO CASTRO, ESTER       
0656 F46024196000000001108012           Calle CAMILO DOLZ, 99-2-5       
0656 F46024196000000001108013                                           
0656 F4602419600000000110801446600                         ALZIRA       
0656 F46024196000000001108016                                           
0656 F4602419600000000110801000000001563531880013134545871311  40       
0656 F46024196000000001108011               GRANERO CASTRO, ESTER       
0656 F46024196000000001108012           Calle CAMILO DOLZ, 99-2-5       
0656 F46024196000000001108013                                           
0656 F4602419600000000110801446600                         ALZIRA       
0656 F46024196000000001108016                                           
0656 F4602419600000000111201000000004199930821265316980171311  0        
0656 F46024196000000001112011       GIMENEZ MARTINEZ, MARIA PILAR       
0656 F46024196000000001112012         Calle SAN CRISTOBAL, 15-1-1       
0656 F46024196000000001112013                                           
0656 F4602419600000000111201446740                     CARCAIXENT       
0656 F46024196000000001112016                                           
0656 F4602419600000000111201000000002003230821265316980171311  0        
0656 F46024196000000001112011       GIMENEZ MARTINEZ, MARIA PILAR       
0656 F46024196000000001112012         Calle SAN CRISTOBAL, 15-1-1       
0656 F46024196000000001112013                                           
0656 F4602419600000000111201446740                     CARCAIXENT       
0656 F46024196000000001112016                                           
0656 F4602419600000000111601000000004199930820186071003053011  47       
0656 F46024196000000001116011                  ORTOLA OLASO, ROSA       
0656 F46024196000000001116012                   Calle MURILLO, 35       
0656 F46024196000000001116013                                           
0656 F4602419600000000111601446740                     CARCAIXENT       
0656 F46024196000000001116016                                           
0656 F4602419600000000111601000000002003230820186071003053011  47       
0656 F46024196000000001116011                  ORTOLA OLASO, ROSA       
0656 F46024196000000001116012                   Calle MURILLO, 35       
0656 F46024196000000001116013                                           
0656 F4602419600000000111601446740                     CARCAIXENT       
0656 F46024196000000001116016                                           
0656 F4602419600000000111701000000004199930820186071003054311  48       
0656 F46024196000000001117011                TUDELA RUBIO, AMPARO       
0656 F46024196000000001117012                 Calle CASTELLON, 23       
0656 F46024196000000001117013                                           
0656 F4602419600000000111701446740                     CARCAIXENT       
0656 F46024196000000001117016                                           
0656 F4602419600000000111701000000002003230820186071003054311  48       
0656 F46024196000000001117011                TUDELA RUBIO, AMPARO       
0656 F46024196000000001117012                 Calle CASTELLON, 23       
0656 F46024196000000001117013                                           
0656 F4602419600000000111701446740                     CARCAIXENT       
0656 F46024196000000001117016                                           
0656 F4602419600000000112501000000004199931880013134524301611  48       
0656 F46024196000000001125011                LLINARES ESPAÑA, EVA       
0656 F46024196000000001125012           Avenida VICENTE VIDAL, 44       
0656 F46024196000000001125013                                           
0656 F4602419600000000112501446600                         ALZIRA       
0656 F46024196000000001125016                                           
0656 F4602419600000000112501000000001769831880013134524301611  48       
0656 F46024196000000001125011                LLINARES ESPAÑA, EVA       
0656 F46024196000000001125012           Avenida VICENTE VIDAL, 44       
0656 F46024196000000001125013                                           
0656 F4602419600000000112501446600                         ALZIRA       
0656 F46024196000000001125016                                           
0656 F4602419600000000113701000000004199920770263110081714911  29       
0656 F46024196000000001137011          PELLICER CANET, ROSA MARIA       
0656 F46024196000000001137012                     Calle LA PAZ, 1       
0656 F46024196000000001137013                                           
0656 F4602419600000000113701446740                     CARCAIXENT       
0656 F46024196000000001137016                                           
0656 F4602419600000000113701000000000219820770263110081714911  29       
0656 F46024196000000001137011          PELLICER CANET, ROSA MARIA       
0656 F46024196000000001137012                     Calle LA PAZ, 1       
0656 F46024196000000001137013                                           
0656 F4602419600000000113701446740                     CARCAIXENT       
0656 F46024196000000001137016                                           
0656 F4602419600000000115701000000005423731880013134553001611  48       
0656 F46024196000000001157011       ALMIÑANA FERRER, MARIA AMPARO       
0656 F46024196000000001157012          Calle CAMILO DOLZ, 101-1-2       
0656 F46024196000000001157013                                           
0656 F4602419600000000115701446600                         ALZIRA       
0656 F46024196000000001157016                                           
0656 F4602419600000000115701000000001769231880013134553001611  48       
0656 F46024196000000001157011       ALMIÑANA FERRER, MARIA AMPARO       
0656 F46024196000000001157012          Calle CAMILO DOLZ, 101-1-2       
0656 F46024196000000001157013                                           
0656 F4602419600000000115701446600                         ALZIRA       
0656 F46024196000000001157016                                           
0656 F4602419600000000120901000000003674931880013202832011311  46       
0656 F46024196000000001209011           GARRIGUES APARISI, AMPARO       
0656 F46024196000000001209012               Calle LEPANTO, 86-2-8       
0656 F46024196000000001209013                                           
0656 F4602419600000000120901446600                         ALZIRA       
0656 F46024196000000001209016                                           
0656 F4602419600000000120901000000001587931880013202832011311  46       
0656 F46024196000000001209011           GARRIGUES APARISI, AMPARO       
0656 F46024196000000001209012               Calle LEPANTO, 86-2-8       
0656 F46024196000000001209013                                           
0656 F4602419600000000120901446600                         ALZIRA       
0656 F46024196000000001209016                                           
0656 F4602419600000000122201000000004199920770103110475497611  51       
0656 F46024196000000001222011       ALEIXANDRE CASTERA, M. CARMEN       
0656 F46024196000000001222012    Calle BANDERA VALENCIANA, 14-4-8       
0656 F46024196000000001222013                                           
0656 F4602419600000000122201446600                         ALZIRA       
0656 F46024196000000001222016                                           
0656 F4602419600000000122201000000001221520770103110475497611  51       
0656 F46024196000000001222011       ALEIXANDRE CASTERA, M. CARMEN       
0656 F46024196000000001222012    Calle BANDERA VALENCIANA, 14-4-8       
0656 F46024196000000001222013                                           
0656 F4602419600000000122201446600                         ALZIRA       
0656 F46024196000000001222016                                           
0656 F4602419600000000122501000000001575031880013134546671611  41       
0656 F46024196000000001225011                GARCIA URBANO, JUANA       
0656 F46024196000000001225012      Calle HORT DELS FRARES, 76-2-4       
0656 F46024196000000001225013                                           
0656 F4602419600000000122501446600                         ALZIRA       
0656 F46024196000000001225016                                           
0656 F4602419600000000123301000000003149920771008110015700011  60       
0656 F46024196000000001233011           PEIRO ALBELDA, CONCEPCION       
0656 F46024196000000001233012         Plaza GENERAL DOLZ, 19-7-14       
0656 F46024196000000001233013                                           
0656 F4602419600000000123301446600                         ALZIRA       
0656 F46024196000000001233016                                           
0656 F4602419600000000123301000000001954420771008110015700011  60       
0656 F46024196000000001233011           PEIRO ALBELDA, CONCEPCION       
0656 F46024196000000001233012         Plaza GENERAL DOLZ, 19-7-14       
0656 F46024196000000001233013                                           
0656 F4602419600000000123301446600                         ALZIRA       
0656 F46024196000000001233016                                           
0656 F4602419600000000128701000000004199920770263110068731211  28       
0656 F46024196000000001287011            SALOM MARTINEZ, VIRGINIA       
0656 F46024196000000001287012      Calle ESCRIBANO MASERES, 2 1 3       
0656 F46024196000000001287013                                           
0656 F4602419600000000128701446740                     CARCAIXENT       
0656 F46024196000000001287016                                           
0656 F4602419600000000128701000000002100920770263110068731211  28       
0656 F46024196000000001287011            SALOM MARTINEZ, VIRGINIA       
0656 F46024196000000001287012      Calle ESCRIBANO MASERES, 2 1 3       
0656 F46024196000000001287013                                           
0656 F4602419600000000128701446740                     CARCAIXENT       
0656 F46024196000000001287016                                           
0656 F4602419600000000129001000000003674920770146110078894711  81       
0656 F46024196000000001290011    CARRASCO PELLICER, MARIA LOURDES       
0656 F46024196000000001290012        Calle PINTOR SOROLLA, 65 2 4       
0656 F46024196000000001290013                                           
0656 F4602419600000000129001446600                         ALZIRA       
0656 F46024196000000001290016                                           
0656 F4602419600000000129001000000000171120770146110078894711  81       
0656 F46024196000000001290011    CARRASCO PELLICER, MARIA LOURDES       
0656 F46024196000000001290012        Calle PINTOR SOROLLA, 65 2 4       
0656 F46024196000000001290013                                           
0656 F4602419600000000129001446600                         ALZIRA       
0656 F46024196000000001290016                                           
0656 F4602419600000000129201000000003674920770146110030253311  81       
0656 F46024196000000001292011       FERNANDEZ MONTAÑANA, GENOVEVA       
0656 F46024196000000001292012        Calle VIRGEN DE FATIMA, 9 BJ       
0656 F46024196000000001292013                                           
0656 F4602419600000000129201446612                        CORBERA       
0656 F46024196000000001292016                                           
0656 F4602419600000000129201000000000806120770146110030253311  81       
0656 F46024196000000001292011       FERNANDEZ MONTAÑANA, GENOVEVA       
0656 F46024196000000001292012        Calle VIRGEN DE FATIMA, 9 BJ       
0656 F46024196000000001292013                                           
0656 F4602419600000000129201446612                        CORBERA       
0656 F46024196000000001292016                                           
0656 F4602419600000000130301000000003609321001478010044760011  19       
0656 F46024196000000001303011ALLEGOS PEREZ, JACQUELINE DEL CARMEN       
0656 F46024196000000001303012            Calle FERROVIARIS, 1-3-8       
0656 F46024196000000001303013                                           
0656 F4602419600000000130301446740                     CARCAIXENT       
0656 F46024196000000001303016                                           
0656 F4602419600000000130301000000001074921001478010044760011  19       
0656 F46024196000000001303011ALLEGOS PEREZ, JACQUELINE DEL CARMEN       
0656 F46024196000000001303012            Calle FERROVIARIS, 1-3-8       
0656 F46024196000000001303013                                           
0656 F4602419600000000130301446740                     CARCAIXENT       
0656 F46024196000000001303016                                           
0656 F4602419600000000130501000000003149920770103110334544611  56       
0656 F46024196000000001305011         APARICIO PONS, MARIA TERESA       
0656 F46024196000000001305012                 Calle UNION, 48-2-4       
0656 F46024196000000001305013                                           
0656 F4602419600000000130501446600                         ALZIRA       
0656 F46024196000000001305016                                           
0656 F4602419600000000130501000000001856720770103110334544611  56       
0656 F46024196000000001305011         APARICIO PONS, MARIA TERESA       
0656 F46024196000000001305012                 Calle UNION, 48-2-4       
0656 F46024196000000001305013                                           
0656 F4602419600000000130501446600                         ALZIRA       
0656 F46024196000000001305016                                           
0656 F4602419600000000130601000000003674920770103110370868911  51       
0656 F46024196000000001306011             TORNERO PEREZ,ESPERANZA       
0656 F46024196000000001306012        Calle SALVADOR PERLES, 4-2-3       
0656 F46024196000000001306013                                           
0656 F4602419600000000130601446600                         ALZIRA       
0656 F46024196000000001306016                                           
0656 F4602419600000000130601000000001856720770103110370868911  51       
0656 F46024196000000001306011             TORNERO PEREZ,ESPERANZA       
0656 F46024196000000001306012        Calle SALVADOR PERLES, 4-2-3       
0656 F46024196000000001306013                                           
0656 F4602419600000000130601446600                         ALZIRA       
0656 F46024196000000001306016                                           
0656 F4602419600000000130701000000003149920902430000054782011  28       
0656 F46024196000000001307011                     AYVAZYAN, LAURA       
0656 F46024196000000001307012         Calle CARDENAL VERA, 39 2 3       
0656 F46024196000000001307013                                           
0656 F4602419600000000130701446600                         ALZIRA       
0656 F46024196000000001307016                                           
0656 F4602419600000000130701000000001954420902430000054782011  28       
0656 F46024196000000001307011                     AYVAZYAN, LAURA       
0656 F46024196000000001307012         Calle CARDENAL VERA, 39 2 3       
0656 F46024196000000001307013                                           
0656 F4602419600000000130701446600                         ALZIRA       
0656 F46024196000000001307016                                           
0656 F4602419600000000130901000000001575020770103110496888111  51       
0656 F46024196000000001309011                 CAÑES VIDAL, GLORIA       
0656 F46024196000000001309012                Calle SAN BERNAT, 39       
0656 F46024196000000001309013                                           
0656 F4602419600000000130901446600                         ALZIRA       
0656 F46024196000000001309016                                           
0656 F4602419600000000130901000000000097720770103110496888111  51       
0656 F46024196000000001309011                 CAÑES VIDAL, GLORIA       
0656 F46024196000000001309012                Calle SAN BERNAT, 39       
0656 F46024196000000001309013                                           
0656 F4602419600000000130901446600                         ALZIRA       
0656 F46024196000000001309016                                           
0656 F4602419600000000131001000000001575020770103110435222611  52       
0656 F46024196000000001310011               SALES CANDEL,CRISTINA       
0656 F46024196000000001310012             Calle DOCTOR JUST,6-3-5       
0656 F46024196000000001310013                                           
0656 F4602419600000000131001446600                         ALZIRA       
0656 F46024196000000001310016                                           
0656 F4602419600000000131101000000001575000494513291000058911  76       
0656 F46024196000000001311011       PEREZ ALBUIXECH, MARIA AMPARO       
0656 F46024196000000001311012               Calle BENIMODO, 3-2-4       
0656 F46024196000000001311013                                           
0656 F4602419600000000131101446600                         ALZIRA       
0656 F46024196000000001311016                                           
0656 F4602419600000000131101000000001514600494513291000058911  76       
0656 F46024196000000001311011       PEREZ ALBUIXECH, MARIA AMPARO       
0656 F46024196000000001311012               Calle BENIMODO, 3-2-4       
0656 F46024196000000001311013                                           
0656 F4602419600000000131101446600                         ALZIRA       
0656 F46024196000000001311016                                           
0656 F4602419600000000132201000000001575021002330010034950011  23       
0656 F46024196000000001322011            LOPEZ BALAGUER, CRISTINA       
0656 F46024196000000001322012            Calle JAIME DE OLID, 3-5       
0656 F46024196000000001322013                                           
0656 F4602419600000000132201446600                         ALZIRA       
0656 F46024196000000001322016                                           
0656 F4602419600000000132201000000001172621002330010034950011  23       
0656 F46024196000000001322011            LOPEZ BALAGUER, CRISTINA       
0656 F46024196000000001322012            Calle JAIME DE OLID, 3-5       
0656 F46024196000000001322013                                           
0656 F4602419600000000132201446600                         ALZIRA       
0656 F46024196000000001322016                                           
0656 F4602419600000000132301000000001575020902460000936123611  45       
0656 F46024196000000001323011                PICAZO CLAUR, JOSEFA       
0656 F46024196000000001323012                   Calle LUCHANA, 62       
0656 F46024196000000001323013                                           
0656 F4602419600000000132301446600                         ALZIRA       
0656 F46024196000000001323016                                           
0656 F4602419600000000132301000000001514620902460000936123611  45       
0656 F46024196000000001323011                PICAZO CLAUR, JOSEFA       
0656 F46024196000000001323012                   Calle LUCHANA, 62       
0656 F46024196000000001323013                                           
0656 F4602419600000000132301446600                         ALZIRA       
0656 F46024196000000001323016                                           
0656 F4602419600000000132601000000001575030821265315726541811  0        
0656 F46024196000000001326011             GRACIAMARIA UBEDA, AINA       
0656 F46024196000000001326012            Calle SAN ANTONIO, 90-2A       
0656 F46024196000000001326013                                           
0656 F4602419600000000132601446740                     CARCAIXENT       
0656 F46024196000000001326016                                           
0656 F4602419600000000132601000000001539130821265315726541811  0        
0656 F46024196000000001326011             GRACIAMARIA UBEDA, AINA       
0656 F46024196000000001326012            Calle SAN ANTONIO, 90-2A       
0656 F46024196000000001326013                                           
0656 F4602419600000000132601446740                     CARCAIXENT       
0656 F46024196000000001326016                                           
0656 F4602419600000000133401000000001575020770096110102458611  3        
0656 F46024196000000001334011            LOPEZ GARAÑENA, CRISTINA       
0656 F46024196000000001334012              CARRETERA DEL RUI, 552       
0656 F46024196000000001334013                                           
0656 F4602419600000000133401446012                       EL SALER       
0656 F46024196000000001334016                                           
0656 F4602419600000000133401000000001514620770096110102458611  3        
0656 F46024196000000001334011            LOPEZ GARAÑENA, CRISTINA       
0656 F46024196000000001334012              CARRETERA DEL RUI, 552       
0656 F46024196000000001334013                                           
0656 F4602419600000000133401446012                       EL SALER       
0656 F46024196000000001334016                                           
0656 F4602419600000000133501000000001575020771332110017168811  18       
0656 F46024196000000001335011                   ARTES DAMIA, SARA       
0656 F46024196000000001335012              PADRE CASTELLS, 55 1 1       
0656 F46024196000000001335013                                           
0656 F4602419600000000133501446600                         ALZIRA       
0656 F46024196000000001335016                                           
0656 F4602419600000000133501000000000097720771332110017168811  18       
0656 F46024196000000001335011                   ARTES DAMIA, SARA       
0656 F46024196000000001335012              PADRE CASTELLS, 55 1 1       
0656 F46024196000000001335013                                           
0656 F4602419600000000133501446600                         ALZIRA       
0656 F46024196000000001335016                                           
0656 F4602419600000000133601000000001575020771332110007388011  17       
0656 F46024196000000001336011       CASTILLO BENEDITO, MARIA JOSE       
0656 F46024196000000001336012                ALQUERIENCIA, 16 1 2       
0656 F46024196000000001336013                                           
0656 F4602419600000000133601446600                         ALZIRA       
0656 F46024196000000001336016                                           
0656 F4602419600000000133601000000001563520771332110007388011  17       
0656 F46024196000000001336011       CASTILLO BENEDITO, MARIA JOSE       
0656 F46024196000000001336012                ALQUERIENCIA, 16 1 2       
0656 F46024196000000001336013                                           
0656 F4602419600000000133601446600                         ALZIRA       
0656 F46024196000000001336016                                           
0656 F4602419600000000133701000000001575030821400407116541111  10       
0656 F46024196000000001337011      SILVESTRE BELLOD, MARIA CARMEN       
0656 F46024196000000001337012                     NARANJO, 69 2 2       
0656 F46024196000000001337013                                           
0656 F4602419600000000133701446600                         ALZIRA       
0656 F46024196000000001337016                                           
0656 F4602419600000000133701000000001319230821400407116541111  10       
0656 F46024196000000001337011      SILVESTRE BELLOD, MARIA CARMEN       
0656 F46024196000000001337012                     NARANJO, 69 2 2       
0656 F46024196000000001337013                                           
0656 F4602419600000000133701446600                         ALZIRA       
0656 F46024196000000001337016                                           
0656 F4602419600000000138701000000003705030821382316909791611  57       
0656 F46024196000000001387011                CORTES GASCO, CARMEN       
0656 F46024196000000001387012          ANGEL DEL ALCAZAR, 47-3-14       
0656 F46024196000000001387013                                           
0656 F4602419600000000138701446600                         ALZIRA       
0656 F46024196000000001387016                                           
0656 F4602419600000000138701000000001561330821382316909791611  57       
0656 F46024196000000001387011                CORTES GASCO, CARMEN       
0656 F46024196000000001387012          ANGEL DEL ALCAZAR, 47-3-14       
0656 F46024196000000001387013                                           
0656 F4602419600000000138701446600                         ALZIRA       
0656 F46024196000000001387016                                           
0856 F46024196               000004806746000001750000001055             
