0356 F46026621            0010109040109040012000200000000040   03       
0356 F46026621            002AGRO-CITRICA DE PICASSENT COOP             
0356 F46026621            003POLIGONO INDUSTRIAL, C/ 6 PARC             
0356 F46026621            00446220 PICASSENT                            
0656 F4602662100000000000101000000006540900930191100004607419  63       
0656 F46026621000000000001011             BROCH AGUADO, Mª AMPARO       
0656 F46026621000000000001012           C/ MONSEN CARBO, 16-5-25ª       
0656 F46026621000000000001013                                           
0656 F4602662100000000000101446220                      PICASSENT       
0656 F46026621000000000001016                               BASN        
0656 F4602662100000000000201000000008836300930191100033379319  69       
0656 F46026621000000000002011        MARI FRANCH, VTA. INMACULADA       
0656 F46026621000000000002012                    C/ OLOCAU, 1-12ª       
0656 F46026621000000000002013                                           
0656 F4602662100000000000201446220                      PICASSENT       
0656 F46026621000000000002016                               BASN        
0656 F4602662100000000000301000000008489300930191100033837219  64       
0656 F46026621000000000003011                 SILLA SILLA, FELISA       
0656 F46026621000000000003012              C/ PINTOR SOROLLA, 7-A       
0656 F46026621000000000003013                                           
0656 F4602662100000000000301446220                      PICASSENT       
0656 F46026621000000000003016                               BASN        
0656 F4602662100000000000501000000007494600930191100013427619  60       
0656 F46026621000000000005011          TORRIJOS TORRIJOS, NARCISA       
0656 F46026621000000000005012        C/ CRISTOBAL AGUADO, 49-2-5ª       
0656 F46026621000000000005013                                           
0656 F4602662100000000000501446220                      PICASSENT       
0656 F46026621000000000005016                               BASN        
0656 F4602662100000000000701000000008489300930191100007198619  66       
0656 F46026621000000000007011            CERVERA SERRADOR, CARMEN       
0656 F46026621000000000007012                 C/ SAN CRISTOBAL, 8       
0656 F46026621000000000007013                                           
0656 F4602662100000000000701446220                      PICASSENT       
0656 F46026621000000000007016                               BASN        
0656 F4602662100000000000801000000009391400930191100010046019  63       
0656 F46026621000000000008011             MARI FRANCH, Mª EUGENIA       
0656 F46026621000000000008012             C/ MONSEN CARBO, 16-22ª       
0656 F46026621000000000008013                                           
0656 F4602662100000000000801446220                      PICASSENT       
0656 F46026621000000000008016                               BASN        
0656 F4602662100000000000901000000008234800930372100069745419  32       
0656 F46026621000000000009011               LOPEZ BERMUDEZ, JUSTA       
0656 F46026621000000000009012                    C/ OLOCAU, 6-14ª       
0656 F46026621000000000009013                                           
0656 F4602662100000000000901446220                      PICASSENT       
0656 F46026621000000000009016                               BASN        
0656 F4602662100000000001001000000009137000930191000005618319  61       
0656 F46026621000000000010011                PEREZ GARCIA, JOSEFA       
0656 F46026621000000000010012                       C/ MAJOR, 131       
0656 F46026621000000000010013                                           
0656 F4602662100000000001001446220                      PICASSENT       
0656 F46026621000000000010016                               BASN        
0656 F4602662100000000001101000000008651200930191100007189719  64       
0656 F46026621000000000011011         CABEZON MECINAS, CONCEPCION       
0656 F46026621000000000011012                       C/ MAJOR, 123       
0656 F46026621000000000011013                                           
0656 F4602662100000000001101446220                      PICASSENT       
0656 F46026621000000000011016                               BASN        
0656 F4602662100000000001301000000007887900930191100009311719  66       
0656 F46026621000000000013011           SILLA ALBENTOSA, MERCEDES       
0656 F46026621000000000013012                C/ SOR LUISA, 3-4-6ª       
0656 F46026621000000000013013                                           
0656 F4602662100000000001301446220                      PICASSENT       
0656 F46026621000000000013016                               BASN        
0656 F4602662100000000001401000000006569400930191100011457719  64       
0656 F46026621000000000014011        CAMPILLO TRONCHONI, Mª JESUS       
0656 F46026621000000000014012                     C/ TORRENT, 114       
0656 F46026621000000000014013                                           
0656 F4602662100000000001401446220                      PICASSENT       
0656 F46026621000000000014016                               BASN        
0656 F4602662100000000001501000000004927000930191100030707219  69       
0656 F46026621000000000015011           SILLA ALBENTOSA, JOSEFINA       
0656 F46026621000000000015012                        C/ COLON, 84       
0656 F46026621000000000015013                                           
0656 F4602662100000000001501446220                      PICASSENT       
0656 F46026621000000000015016                               BASN        
0656 F4602662100000000001601000000007980400930191100030725019  62       
0656 F46026621000000000016011               RUIZ TOMAS, FRANCISCA       
0656 F46026621000000000016012                    C/ OLOCAU, 6-19ª       
0656 F46026621000000000016013                                           
0656 F4602662100000000001601446220                      PICASSENT       
0656 F46026621000000000016016                               BASN        
0656 F4602662100000000001801000000008165400930372100087296019  31       
0656 F46026621000000000018011              MORENO GARCIA, CARIDAD       
0656 F46026621000000000018012                     C/ MAJOR, 98-6ª       
0656 F46026621000000000018013                                           
0656 F4602662100000000001801446220                      PICASSENT       
0656 F46026621000000000018016                               BASN        
0656 F4602662100000000001901000000007749100930191100010423019  61       
0656 F46026621000000000019011          GOMEZ TRONCHONI, Mª CARMEN       
0656 F46026621000000000019012                        C/ COLON, 54       
0656 F46026621000000000019013                                           
0656 F4602662100000000001901446220                      PICASSENT       
0656 F46026621000000000019016                               BASN        
0656 F4602662100000000002001000000008743700930191100011322619  60       
0656 F46026621000000000020011           MIGUEL CARBONELL, Mª ROSA       
0656 F46026621000000000020012                 C/ GOMEZ FERRER, 41       
0656 F46026621000000000020013                                           
0656 F4602662100000000002001446220                      PICASSENT       
0656 F46026621000000000020016                               BASN        
0656 F4602662100000000002101000000008466100930191100004975519  64       
0656 F46026621000000000021011          NACHER SOLER, Mª SALVADORA       
0656 F46026621000000000021012              PZA. MILAGROSA, 6-12-A       
0656 F46026621000000000021013                                           
0656 F4602662100000000002101446220                      PICASSENT       
0656 F46026621000000000021016                               BASN        
0656 F4602662100000000002201000000008651200930372100067972919  36       
0656 F46026621000000000022011            LOPEZ AGUADO, Mª LOURDES       
0656 F46026621000000000022012                  C/ SAN JOSE, 19-1ª       
0656 F46026621000000000022013                                           
0656 F4602662100000000002201446220                      PICASSENT       
0656 F46026621000000000022016                               BASN        
0656 F4602662100000000002301000000008188600930372100063117319  35       
0656 F46026621000000000023011           SANCHIS AGUADO, Mª TERESA       
0656 F46026621000000000023012         C/ CARLOS ALBORS, 43-A-3-7ª       
0656 F46026621000000000023013                                           
0656 F4602662100000000002301446220                      PICASSENT       
0656 F46026621000000000023016                               BASN        
0656 F4602662100000000002401000000005898500930191100017277619  69       
0656 F46026621000000000024011      MUÑOZ SANBARTOLOME, Mª DOLORES       
0656 F46026621000000000024012              PZA. MILAGROSA, 6-A-5ª       
0656 F46026621000000000024013                                           
0656 F4602662100000000002401446220                      PICASSENT       
0656 F46026621000000000024016                               BASN        
0656 F4602662100000000002501000000009183200930372000030974819  34       
0656 F46026621000000000025011              GONZALEZ BAENA, JOSEFA       
0656 F46026621000000000025012            C/ GOMEZ FERRER, 13-A-8ª       
0656 F46026621000000000025013                                           
0656 F4602662100000000002501446220                      PICASSENT       
0656 F46026621000000000025016                               BASN        
0656 F4602662100000000002601000000007263300930372100065985219  38       
0656 F46026621000000000026011   SANBARTOLOME SANCHIS, Mª ASUNCION       
0656 F46026621000000000026012                        C/ COLON, 42       
0656 F46026621000000000026013                                           
0656 F4602662100000000002601446220                      PICASSENT       
0656 F46026621000000000026016                               BASN        
0656 F4602662100000000002701000000008234800930191100007746319  60       
0656 F46026621000000000027011           CUBEL AGUADO, ENCARNACION       
0656 F46026621000000000027012                      C/MAJOR, 98-3ª       
0656 F46026621000000000027013                                           
0656 F4602662100000000002701446220                      PICASSENT       
0656 F46026621000000000027016                               BASN        
0656 F4602662100000000002801000000008651200930372100116388819  32       
0656 F46026621000000000028011          IBAÑEZ SANCHIS, Mª DOLORES       
0656 F46026621000000000028012                 C/SOR LUISA, 3-2-7ª       
0656 F46026621000000000028013                                           
0656 F4602662100000000002801446220                      PICASSENT       
0656 F46026621000000000028016                               BASN        
0656 F4602662100000000002901000000008651200930191100025656119  62       
0656 F46026621000000000029011            SANCHIS ALBERT, ROSA ANA       
0656 F46026621000000000029012                    C/ DEL ANGEL, 17       
0656 F46026621000000000029013                                           
0656 F4602662100000000002901446220                      PICASSENT       
0656 F46026621000000000029016                               BASN        
0656 F4602662100000000003001000000006060500930372100100974519  36       
0656 F46026621000000000030011          TRONCHONI ALCALA, CAROLINA       
0656 F46026621000000000030012                C/ 9 D'OCTUBRE, 2-6ª       
0656 F46026621000000000030013                                           
0656 F4602662100000000003001446220                      PICASSENT       
0656 F46026621000000000030016                               BASN        
0656 F4602662100000000003101000000008651200930191100025539619  68       
0656 F46026621000000000031011               MOYA GOMEZ, Mª CARMEN       
0656 F46026621000000000031012                        C/ COLON, 54       
0656 F46026621000000000031013                                           
0656 F4602662100000000003101446220                      PICASSENT       
0656 F46026621000000000031016                               BASN        
0656 F4602662100000000003201000000007355800930191100025476519  64       
0656 F46026621000000000032011             LOPEZ TRONCHONI, CARMEN       
0656 F46026621000000000032012                 C/ CERVANTES, 14-1ª       
0656 F46026621000000000032013                                           
0656 F4602662100000000003201446220                      PICASSENT       
0656 F46026621000000000032016                               BASN        
0656 F4602662100000000003301000000005320300930191100025494319  68       
0656 F46026621000000000033011                DONAT AGUADO, AMPARO       
0656 F46026621000000000033012                 C/ SAN ROQUE, 29-2ª       
0656 F46026621000000000033013                                           
0656 F4602662100000000003301446220                      PICASSENT       
0656 F46026621000000000033016                               BASN        
0656 F4602662100000000003401000000008281100930191100025485419  66       
0656 F46026621000000000034011                  RUIZ TOMAS, AMPARO       
0656 F46026621000000000034012                    C/ OLOCAU, 6-17ª       
0656 F46026621000000000034013                                           
0656 F4602662100000000003401446220                      PICASSENT       
0656 F46026621000000000034016                               BASN        
0656 F4602662100000000003501000000007425200930191100025503219  65       
0656 F46026621000000000035011         MUÑOZ SANBARTOLOME, Mª JOSE       
0656 F46026621000000000035012                C/ DIPUTACION, 12-2ª       
0656 F46026621000000000035013                                           
0656 F4602662100000000003501446220                      PICASSENT       
0656 F46026621000000000035016                               BASN        
0656 F4602662100000000003601000000011959000930372100111800219  32       
0656 F46026621000000000036011              LERMA FORTUNY Mª PILAR       
0656 F46026621000000000036012               AVDA. DE L'OM, 4-3-6ª       
0656 F46026621000000000036013                                           
0656 F4602662100000000003601446220                      PICASSENT       
0656 F46026621000000000036016                               BASN        
0656 F4602662100000000003701000000011519500930372100108081519  39       
0656 F46026621000000000037011           MIRALLES POVEDA Mª AMPARO       
0656 F46026621000000000037012       C/JOSEP ALBERT Y FORTUNY,4-1ª       
0656 F46026621000000000037013                                           
0656 F4602662100000000003701446220                      PICASSENT       
0656 F46026621000000000037016                               BASN        
0656 F4602662100000000003801000000008350500930372100108387319  39       
0656 F46026621000000000038011            FERNANDEZ GUIJARRO MARIA       
0656 F46026621000000000038012            C/ DEL FERROCARRIL, 5-1ª       
0656 F46026621000000000038013                                           
0656 F4602662100000000003801446220                      PICASSENT       
0656 F46026621000000000038016                               BASN        
0656 F4602662100000000003901000000007911000930191100028956819  62       
0656 F46026621000000000039011             MORENO AGUADO Mª CARMEN       
0656 F46026621000000000039012                    C/ MAJOR, 95-22ª       
0656 F46026621000000000039013                                           
0656 F4602662100000000003901446220                      PICASSENT       
0656 F46026621000000000039016                               BASN        
0656 F4602662100000000004001000000005597800930191100028939019  60       
0656 F46026621000000000040011       MORCILLO GUTIERREZ Mª EUSEBIA       
0656 F46026621000000000040012                     C/ 7 Nº 23 OMET       
0656 F46026621000000000040013                                           
0656 F4602662100000000004001446220                      PICASSENT       
0656 F46026621000000000040016                               BASN        
0656 F4602662100000000004101000000006037300930372100109591919  30       
0656 F46026621000000000041011              ALBERT ESCUDERO ISABEL       
0656 F46026621000000000041012                  C/ L'ERMITA, 45-3ª       
0656 F46026621000000000041013                                           
0656 F4602662100000000004101446220                      PICASSENT       
0656 F46026621000000000041016                               BASN        
0656 F4602662100000000004201000000007286400930191100028974619  66       
0656 F46026621000000000042011              TRONCHONI SECO VICENTA       
0656 F46026621000000000042012                       C/ MAJOR, 108       
0656 F46026621000000000042013                                           
0656 F4602662100000000004201446220                      PICASSENT       
0656 F46026621000000000042016                               BASN        
0656 F4602662100000000004301000000008188600930191100028965719  64       
0656 F46026621000000000043011             TALAVERA RUIZ Mª TERESA       
0656 F46026621000000000043012                     C/ MAJOR, 98-7ª       
0656 F46026621000000000043013                                           
0656 F4602662100000000004301446220                      PICASSENT       
0656 F46026621000000000043016                               BASN        
0656 F4602662100000000004401000000008350500930191100028920419  61       
0656 F46026621000000000044011         SERRANO TORRIJOS Mª ANGELES       
0656 F46026621000000000044012                   C/ TORRENT, 75-1ª       
0656 F46026621000000000044013                                           
0656 F4602662100000000004401446220                      PICASSENT       
0656 F46026621000000000044016                               BASN        
0656 F4602662100000000004501000000011176800930191100030841519  65       
0656 F46026621000000000045011               RUIZ MORANT Mª TERESA       
0656 F46026621000000000045012                     C/ MAJOR, 98-7ª       
0656 F46026621000000000045013                                           
0656 F4602662100000000004501446220                       PICASENT       
0656 F46026621000000000045016                               BASN        
0656 F4602662100000000004601000000011199500930372100111962019  31       
0656 F46026621000000000046011               DE LAMO BODALO ISABEL       
0656 F46026621000000000046012             C/ CARLOS ALBORS, 17-4ª       
0656 F46026621000000000046013                                           
0656 F4602662100000000004601446220                       PICASENT       
0656 F46026621000000000046016                               BASN        
0656 F4602662100000000004701000000011199500930372100114544319  38       
0656 F46026621000000000047011          MARTINEZ COLOMINA Mª JULIA       
0656 F46026621000000000047012           C/ BLASCO IBAÑEZ, 9-2-14ª       
0656 F46026621000000000047013                                           
0656 F4602662100000000004701446220                      PICASSENT       
0656 F46026621000000000047016                               BASN        
0656 F4602662100000000004801000000010950600930191100031103619  68       
0656 F46026621000000000048011             CAMPOS JUAN Mª TRINIDAD       
0656 F46026621000000000048012              C/ GOMEZ FERRER, 49-1ª       
0656 F46026621000000000048013                                           
0656 F4602662100000000004801446220                      PICASSENT       
0656 F46026621000000000048016                               BASN        
0656 F4602662100000000004901000000007624700930191100030869019  68       
0656 F46026621000000000049011               AVILES CANOVAS LEONOR       
0656 F46026621000000000049012                   C/ ESTACIO, 16-1ª       
0656 F46026621000000000049013                                           
0656 F4602662100000000004901446220                      PICASSENT       
0656 F46026621000000000049016                               BASN        
0656 F4602662100000000005001000000008031900930191100000326219  65       
0656 F46026621000000000050011              SANFELIX HERVAS AMPARO       
0656 F46026621000000000050012                C/ MOSEN CARBO,16-7ª       
0656 F46026621000000000050013                                           
0656 F4602662100000000005001446220                       PICASENT       
0656 F46026621000000000050016                               BASN        
0656 F4602662100000000005101000000007624700930191100030886819  61       
0656 F46026621000000000051011             LARA LATORRE CONCEPCION       
0656 F46026621000000000051012                        C/ MURCIA, 6       
0656 F46026621000000000051013                                           
0656 F4602662100000000005101446220                       PICASENT       
0656 F46026621000000000051016                               BASN        
0656 F4602662100000000005201000000008122400930372100112008919  39       
0656 F46026621000000000052011          GOMEZ TRONCHONI CONCEPCION       
0656 F46026621000000000052012              AVDA. DE L'OM, 17-2-4ª       
0656 F46026621000000000052013                                           
0656 F4602662100000000005201446220                      PICASSENT       
0656 F46026621000000000052016                               BASN        
0656 F4602662100000000005301000000008122400930325100409787719  3        
0656 F46026621000000000053011               MEDINA PIQUERAS MARIA       
0656 F46026621000000000053012      AVDA. DR.GOMEZ FERRER, 43-4-11       
0656 F46026621000000000053013                                           
0656 F4602662100000000005301446910                        ALFAFAR       
0656 F46026621000000000053016                               BASN        
0656 F4602662100000000005401000000007624700930372100112107619  31       
0656 F46026621000000000054011                ROSA GALVEZ CONSUELO       
0656 F46026621000000000054012                    C/ MORELLA, 4-6ª       
0656 F46026621000000000054013                                           
0656 F4602662100000000005401446220                     PICASSSENT       
0656 F46026621000000000054016                               BASN        
0656 F4602662100000000005501000000007647300930372100112053419  38       
0656 F46026621000000000055011           MINGUEZ CLAVIJO Mª AMPARO       
0656 F46026621000000000055012      C/ MARQUES DE DOS AGUAS, 45-2ª       
0656 F46026621000000000055013                                           
0656 F4602662100000000005501446220                      PICASSENT       
0656 F46026621000000000055016                               BASN        
0656 F4602662100000000005701000000008031900930372100112340619  37       
0656 F46026621000000000057011              AYALA LOPEZ CONCEPCION       
0656 F46026621000000000057012                C/ SAN JOSE, 74-1-1ª       
0656 F46026621000000000057013                                           
0656 F4602662100000000005701446220                      PICASSENT       
0656 F46026621000000000057016                               BASN        
0656 F4602662100000000005801000000008167700930372100115857319  31       
0656 F46026621000000000058011            CAVA SAN ANTONIO SABRINA       
0656 F46026621000000000058012             C/DOCTOR FLEMING, 13-3ª       
0656 F46026621000000000058013                                           
0656 F4602662100000000005801446220                      PICASSENT       
0656 F46026621000000000058016                               BASN        
0656 F4602662100000000005901000000006086200930372100115848419  38       
0656 F46026621000000000059011                  SANCHIS GOMEZ ALBA       
0656 F46026621000000000059012                      C/ TORRENT, 98       
0656 F46026621000000000059013                                           
0656 F4602662100000000005901446220                      PICASSENT       
0656 F46026621000000000059016                               BASN        
0656 F4602662100000000006001000000006335100930372100113105919  31       
0656 F46026621000000000060011            ALBERT SANCHIS VALLIVANA       
0656 F46026621000000000060012                        C/ CID, 3-3ª       
0656 F46026621000000000060013                                           
0656 F4602662100000000006001446220                      PICASSENT       
0656 F46026621000000000060016                               BASN        
0656 F4602662100000000006101000000006448200930191100033935919  63       
0656 F46026621000000000061011                TRONCHONI AGUADO EVA       
0656 F46026621000000000061012                        C/ MAJOR, 98       
0656 F46026621000000000061013                                           
0656 F4602662100000000006101446220                      PICASSENT       
0656 F46026621000000000061016                               BASN        
0656 F4602662100000000006201000000006357700930372100063691719  38       
0656 F46026621000000000062011             IBAÑEZ SANCHIS Mª JULIA       
0656 F46026621000000000062012                  C/ SOR LUISA, 1-1ª       
0656 F46026621000000000062013                                           
0656 F4602662100000000006201446220                      PICASSENT       
0656 F46026621000000000062016                               BASN        
0656 F4602662100000000006301000000006357700930191100034062919  67       
0656 F46026621000000000063011                SANZ GOMEZ ESPERANZA       
0656 F46026621000000000063012                     C/ MAJOR, 95-13       
0656 F46026621000000000063013                                           
0656 F4602662100000000006301446220                      PICASSENT       
0656 F46026621000000000063016                               BASN        
0656 F4602662100000000006401000000006357700930191100034054019  67       
0656 F46026621000000000064011              GOMEZ ALBERT Mª CARMEN       
0656 F46026621000000000064012            C/ ARCHIDUQUE CARLES, 32       
0656 F46026621000000000064013                                           
0656 F4602662100000000006401446220                      PICASSENT       
0656 F46026621000000000064016                               BASN        
0656 F4602662100000000006501000000006108800930191100034045119  65       
0656 F46026621000000000065011            SORIA CERVERO, Mª CARMEN       
0656 F46026621000000000065012          C/ MARQUES DE DOS AGUAS, 8       
0656 F46026621000000000065013                                           
0656 F4602662100000000006501446220                      PICASSENT       
0656 F46026621000000000065016                               BASN        
0656 F4602662100000000006601000000006357700930191100034036219  63       
0656 F46026621000000000066011                MORENO RUANO MANUELA       
0656 F46026621000000000066012                     C/ SAN JOSE, 84       
0656 F46026621000000000066013                                           
0656 F4602662100000000006601446220                      PICASSENT       
0656 F46026621000000000066016                               BASN        
0656 F4602662100000000006701000000006357700930372100075920219  35       
0656 F46026621000000000067011             NAVARRO DIAZ MARAVILLAS       
0656 F46026621000000000067012                    C/ L'ACEQUIA, 57       
0656 F46026621000000000067013                                           
0656 F4602662100000000006701446220                      PICASSENT       
0656 F46026621000000000067016                               BASN        
0656 F4602662100000000050101000000014851800930372100064798419  38       
0656 F46026621000000000501011               GINER LAZA, E. AMADOR       
0656 F46026621000000000501012             PZA. VGEN. DEL PILAR, 3       
0656 F46026621000000000501013                                           
0656 F4602662100000000050101446220                      PICASSENT       
0656 F46026621000000000501016                               BASN        
0656 F4602662100000000050201000000011291800930191100014111219  60       
0656 F46026621000000000502011            CARMONA PADILLA, DOMINGO       
0656 F46026621000000000502012                C/ DIPUTACION, 10-2ª       
0656 F46026621000000000502013                                           
0656 F4602662100000000050201446220                      PICASSENT       
0656 F46026621000000000502016                               BASN        
0656 F4602662100000000050301000000019361800930191100004607419  63       
0656 F46026621000000000503011            AGUADO GONZALEZ, ENRIQUE       
0656 F46026621000000000503012           C/ MONSEN CARBO, 16-5-25ª       
0656 F46026621000000000503013                                           
0656 F4602662100000000050301446220                      PICASSENT       
0656 F46026621000000000503016                               BASN        
0656 F4602662100000000050401000000009674500930191100007153319  61       
0656 F46026621000000000504011          BLANCH PIERA, JOSE ANTONIO       
0656 F46026621000000000504012                      C/ DEL SOL, 39       
0656 F46026621000000000504013                                           
0656 F4602662100000000050401446910                        ALFAFAR       
0656 F46026621000000000504016                               BASN        
0656 F4602662100000000050501000000018360200930372100048831019  31       
0656 F46026621000000000505011       PRIMO MARTINEZ, JOAN FRANCESC       
0656 F46026621000000000505012                      C/ TORRENT, 42       
0656 F46026621000000000505013                                           
0656 F4602662100000000050501446220                      PICASSENT       
0656 F46026621000000000505016                               BASN        
0656 F4602662100000000050601000000015514400930191100014093419  61       
0656 F46026621000000000506011        MARTORELL CERVERA, FRANCISCO       
0656 F46026621000000000506012              C/ PADRE GUAITA, 14-4ª       
0656 F46026621000000000506013                                           
0656 F4602662100000000050601446220                      PICASSENT       
0656 F46026621000000000506016                               BASN        
0656 F4602662100000000050701000000013262300930372100091716919  30       
0656 F46026621000000000507011          MARTORELL MUÑOZ, CRISTOBAL       
0656 F46026621000000000507012                C/ SAN CRISTOBAL, 16       
0656 F46026621000000000507013                                           
0656 F4602662100000000050701446220                      PICASSENT       
0656 F46026621000000000507016                               BASN        
0656 F4602662100000000050801000000014732500930372100099318219  33       
0656 F46026621000000000508011            MARTORELL MUÑOZ, ALFONSO       
0656 F46026621000000000508012                  C/ SAN JOSE, 45-5ª       
0656 F46026621000000000508013                                           
0656 F4602662100000000050801446220                      PICASSENT       
0656 F46026621000000000508016                               BASN        
0656 F4602662100000000050901000000013137200930372000011752019  32       
0656 F46026621000000000509011          ALBERT TRONCHONI, SALVADOR       
0656 F46026621000000000509012                      C/ SAN JUAN, 8       
0656 F46026621000000000509013                                           
0656 F4602662100000000050901446220                      PICASSENT       
0656 F46026621000000000509016                               BASN        
0656 F4602662100000000051001000000020164500930372100104824519  31       
0656 F46026621000000000510011             REYES FERNANDEZ, MIGUEL       
0656 F46026621000000000510012                AVDA. PALLETER, 6-5ª       
0656 F46026621000000000510013                                           
0656 F4602662100000000051001446220                      PICASSENT       
0656 F46026621000000000510016                               BASN        
0656 F4602662100000000051101000000014732500930191100027033019  61       
0656 F46026621000000000511011        PALACIOS CANOVAS FCO. JAVIER       
0656 F46026621000000000511012                    C/ OLOCAU, 5-15ª       
0656 F46026621000000000511013                                           
0656 F4602662100000000051101446220                      PICASSENT       
0656 F46026621000000000511016                               BASN        
0656 F4602662100000000051201000000006404300930191100025458719  60       
0656 F46026621000000000512011         BOBI ALVAREZ, SALVADOR FCO.       
0656 F46026621000000000512012                  C/ ALICANTE, 3-11ª       
0656 F46026621000000000512013                                           
0656 F4602662100000000051201446470                      CATARROJA       
0656 F46026621000000000512016                               BASN        
0656 F4602662100000000051301000000016734300930309100075626919  45       
0656 F46026621000000000513011           BISBAL MARTI ALBERTO JOSE       
0656 F46026621000000000513012          C/ MARIANO BENLLIURE, 5-1ª       
0656 F46026621000000000513013                                           
0656 F4602662100000000051301446290                       ALCASSER       
0656 F46026621000000000513016                               BASN        
0656 F4602662100000000051401000000014624100930191100029883119  69       
0656 F46026621000000000514011                ALBERT CAÑADA DANIEL       
0656 F46026621000000000514012                     C/ OLOCAU, 2-1ª       
0656 F46026621000000000514013                                           
0656 F4602662100000000051401446220                      PICASSENT       
0656 F46026621000000000514016                               BASN        
0656 F4602662100000000051501000000011075200930372100109547419  33       
0656 F46026621000000000515011           MARTORELL MUÑOZ MIGUEL A.       
0656 F46026621000000000515012                C/ SAN CRISTOBAL, 16       
0656 F46026621000000000515013                                           
0656 F4602662100000000051501446220                      PICASSENT       
0656 F46026621000000000515016                               BASN        
0656 F4602662100000000051601000000011870600930372100111908619  30       
0656 F46026621000000000516011           MIRALLES POVEDA JOSE FCO.       
0656 F46026621000000000516012       C/ JOSEP ALBERT FORTUNY, 4-1ª       
0656 F46026621000000000516013                                           
0656 F4602662100000000051601446220                      PICASSENT       
0656 F46026621000000000516016                               BASN        
0656 F4602662100000000051701000000010983400930191100030823719  61       
0656 F46026621000000000517011                  IBAÑEZ RUIZ ARTURO       
0656 F46026621000000000517012                    C/ OLOCAU, 6-17ª       
0656 F46026621000000000517013                                           
0656 F4602662100000000051701446220                      PICASSENT       
0656 F46026621000000000517016                               BASN        
0656 F4602662100000000051801000000011075200930191100034027319  61       
0656 F46026621000000000518011              PEREZ TORRENT SALVADOR       
0656 F46026621000000000518012             C/ CRISTOBAL AGUADO, 53       
0656 F46026621000000000518013                                           
0656 F4602662100000000051801446220                      PICASSENT       
0656 F46026621000000000518016                               BASN        
0656 F4602662100000000051901000000004405600930372100093084919  30       
0656 F46026621000000000519011  TRONCHONI MACHANCOSES JOSE VICENTE       
0656 F46026621000000000519012                  C/ PALLETER, 6-34ª       
0656 F46026621000000000519013                                           
0656 F4602662100000000051901446220                      PICASSENT       
0656 F46026621000000000519016                               BASN        
0656 F4602662100000000052201000000001315600930191100034511919  60       
0656 F46026621000000000522011       FLORES DIAZ CRISTOBAL ANTONIO       
0656 F46026621000000000522012                    C/ OLOCAU, 6-12ª       
0656 F46026621000000000522013                                           
0656 F4602662100000000052201446220                      PICASSENT       
0656 F46026621000000000522016                               BASN        
0656 F4602662100000000052401000000010922200930191100033999019  63       
0656 F46026621000000000524011             MARTINEZ SILLLA ERNESTO       
0656 F46026621000000000524012                                           
0656 F46026621000000000524013                                           
0656 F46026621000000000524014                                           
0656 F46026621000000000524016                               BASN        
0656 F4602662100000000052501000000011044600930372100115812019  35       
0656 F46026621000000000525011            LAZA ALFONSO JOSE MANUEL       
0656 F46026621000000000525012                                           
0656 F46026621000000000525013                                           
0656 F46026621000000000525014                                           
0656 F46026621000000000525016                               BASN        
0856 F46026621               016000007666000000000000509                
